<record><leader>00000cas a2200000 a 4500</leader><controlfield tag="001">13695824</controlfield><controlfield tag="008">860606d19731986kyuwr ne      0    0eng d</controlfield><datafield ind1=" " ind2=" " tag="010"><subfield code="a">sn 86069185 </subfield></datafield><datafield ind1=" " ind2=" " tag="040"><subfield code="a">KNP</subfield><subfield code="b">eng</subfield><subfield code="c">KNP</subfield><subfield code="d">OCL</subfield><subfield code="d">OCLCQ</subfield><subfield code="d">KYUBL</subfield><subfield code="d">OCLCQ</subfield><subfield code="d">OCLCF</subfield><subfield code="d">OCLCO</subfield></datafield><datafield ind1="1" ind2=" " tag="029"><subfield code="a">AU@</subfield><subfield code="b">000020427619</subfield></datafield><datafield ind1=" " ind2=" " tag="042"><subfield code="a">msc</subfield></datafield><datafield ind1=" " ind2=" " tag="043"><subfield code="a">n-us-ky</subfield></datafield><datafield ind1="0" ind2=" " tag="130"><subfield code="a">Voice (St. Matthews, Ky.)</subfield></datafield><datafield ind1="1" ind2="4" tag="245"><subfield code="a">The voice.</subfield></datafield><datafield ind1=" " ind2=" " tag="260"><subfield code="a">St. Matthews, Ky. :</subfield><subfield code="b">Voice of St. Matthews,</subfield><subfield code="c">1973-1986.</subfield></datafield><datafield ind1=" " ind2=" " tag="300"><subfield code="a">v. :</subfield><subfield code="b">ill.</subfield></datafield><datafield ind1=" " ind2=" " tag="310"><subfield code="a">Weekly</subfield></datafield><datafield ind1="0" ind2=" " tag="362"><subfield code="a">Vol. 24, no. 48 (June 28, 1973)-v. 36, no. 33 (Mar. 12, 1986).</subfield></datafield><datafield ind1=" " ind2="0" tag="651"><subfield code="a">Saint Matthews (Ky.)</subfield><subfield code="v">Newspapers.</subfield></datafield><datafield ind1=" " ind2="0" tag="651"><subfield code="a">Jefferson County (Ky.)</subfield><subfield code="v">Newspapers.</subfield></datafield><datafield ind1=" " ind2="7" tag="655"><subfield code="a">Newspapers.</subfield><subfield code="2">fast</subfield><subfield code="0">(OCoLC)fst01423814</subfield></datafield><datafield ind1=" " ind2="7" tag="651"><subfield code="a">Kentucky</subfield><subfield code="z">Jefferson County.</subfield><subfield code="2">fast</subfield><subfield code="0">(OCoLC)fst01205464</subfield></datafield><datafield ind1=" " ind2="7" tag="651"><subfield code="a">Kentucky</subfield><subfield code="z">Saint Matthews.</subfield><subfield code="2">fast</subfield><subfield code="0">(OCoLC)fst01226860</subfield></datafield><datafield ind1=" " ind2=" " tag="752"><subfield code="a">United States</subfield><subfield code="b">Kentucky</subfield><subfield code="c">Jefferson</subfield><subfield code="d">Saint Matthews.</subfield></datafield><datafield ind1="0" ind2="0" tag="780"><subfield code="t">Voice-Jeffersonian</subfield><subfield code="w">(DLC)sn 86069184</subfield></datafield><datafield ind1="0" ind2="5" tag="780"><subfield code="t">Herald (Louisville, Ky.)</subfield><subfield code="g">1984</subfield><subfield code="w">(DLC)sn 84007732</subfield></datafield><datafield ind1="0" ind2="1" tag="785"><subfield code="t">Jeffersonian (St. Matthews, Ky.)</subfield><subfield code="w">(DLC)sn 86069186</subfield></datafield><datafield ind1="0" ind2="0" tag="785"><subfield code="t">East End voice</subfield><subfield code="w">(DLC)sn 86069187</subfield></datafield></record>